<record><leader>00000cas a2200000 a 4500</leader><controlfield tag="001">12703778</controlfield><controlfield tag="008">851022d18791883ksuwr ne      0    0eng d</controlfield><datafield ind1=" " ind2=" " tag="010"><subfield code="a">sn 85032727 </subfield></datafield><datafield ind1=" " ind2=" " tag="040"><subfield code="a">KSH</subfield><subfield code="b">eng</subfield><subfield code="c">KSH</subfield><subfield code="d">NPT</subfield><subfield code="d">ANU</subfield><subfield code="d">OCL</subfield><subfield code="d">OCLCQ</subfield><subfield code="d">OCLCF</subfield><subfield code="d">OCLCO</subfield></datafield><datafield ind1="1" ind2=" " tag="029"><subfield code="a">AU@</subfield><subfield code="b">000022166871</subfield></datafield><datafield ind1=" " ind2=" " tag="042"><subfield code="a">msc</subfield></datafield><datafield ind1=" " ind2=" " tag="043"><subfield code="a">n-us-ks</subfield></datafield><datafield ind1="0" ind2="0" tag="245"><subfield code="a">Caldwell post.</subfield></datafield><datafield ind1=" " ind2=" " tag="260"><subfield code="a">Caldwell, Kan. :</subfield><subfield code="b">J.D. Kelly, Jr.,</subfield><subfield code="c">1879-1883.</subfield></datafield><datafield ind1=" " ind2=" " tag="300"><subfield code="a">5 v. ;</subfield><subfield code="c">60 cm.</subfield></datafield><datafield ind1=" " ind2=" " tag="310"><subfield code="a">Weekly</subfield></datafield><datafield ind1="0" ind2=" " tag="362"><subfield code="a">Vol. 1, no. 1 (Jan. 2, 1879)-v. 5, no. 19 (May 10, 1883).</subfield></datafield><datafield ind1=" " ind2=" " tag="500"><subfield code="a">Publisher varies.</subfield></datafield><datafield ind1=" " ind2="0" tag="651"><subfield code="a">Caldwell (Kan.)</subfield><subfield code="v">Newspapers.</subfield></datafield><datafield ind1=" " ind2="7" tag="655"><subfield code="a">Newspapers.</subfield><subfield code="2">fast</subfield><subfield code="0">(OCoLC)fst01423814</subfield></datafield><datafield ind1=" " ind2="7" tag="651"><subfield code="a">Kansas</subfield><subfield code="z">Caldwell.</subfield><subfield code="2">fast</subfield><subfield code="0">(OCoLC)fst01210471</subfield></datafield><datafield ind1=" " ind2=" " tag="752"><subfield code="a">United States</subfield><subfield code="b">Kansas</subfield><subfield code="c">Sumner</subfield><subfield code="d">Caldwell.</subfield></datafield><datafield ind1="0" ind2="7" tag="785"><subfield code="t">Caldwell commercial</subfield><subfield code="w">(DLC)sn 85032726</subfield></datafield><datafield ind1="0" ind2="7" tag="785"><subfield code="t">Caldwell journal</subfield><subfield code="w">(DLC)sn 85032738</subfield></datafield></record>